@book{bond2014readings,
  title={Readings in distributed artificial intelligence},
  author={Bond, Alan and Gasser, Les},
  year={1989},
  publisher={Morgan Kaufmann},
  address = {California, USA}
}

@article{ashton2009internet,
  title={That ``internet of things'' thing},
  author={Ashton, Kevin},
  journal={RFiD Journal},
  volume={22},
  number={7},
  pages={97--114},
  year={2009}
}

@incollection{balaji2010introduction,
  title={An introduction to multi-agent systems},
  author={Balaji, PG and Srinivasan, D},
  booktitle={Innovations in multi-agent systems and applications},
  pages={1--27},
  year={2010},
  publisher={Springer}
}

@article{causa2007computacion,
  title={La computaci{\'o}n afectiva y el arte interactivo},
  author={Causa, Emiliano and Sosa, Andrea},
  year={2007},
  journal={Proyecto Biopus},
  note = {Disponible en: \url{http://goo.gl/mHYhFv}. (Consulta: Junio, 2016)}
}

@mastersthesis{cuevas2015emociones,
  title={Emociones: calculemos. Las promesas de la computaci{\'o}n afectiva},
  author={Cuevas, Jaime},
  year={2015},
  school={Universidad Nacional de Educaci{\'o}n a Distancia, Facultad de Filosof{\'\i}a},
  address={Madrid, España}
}

@incollection{dias2014fatima,
  title={Fatima modular: Towards an agent architecture with a generic appraisal framework},
  author={Dias, Joao and Mascarenhas, Samuel and Paiva, Ana},
  booktitle={Emotion Modeling},
  pages={44--56},
  year={2014},
  publisher={Springer}
}

@inproceedings{gil2015architecture,
  title={Architecture for Multi-robot Systems with Emergent Behavior},
  author={Gil, Angel and Aguilar, Jose and Rivas, Rafael and Dapena, Eladio and Hernandez, Kevin},
  booktitle={Proceedings on the International Conference on Artificial Intelligence (ICAI)},
  pages={41-47},
  year={2015},
  organization={The Steering Committee of The World Congress in Computer Science, Computer Engineering and Applied Computing (WorldComp)}
}

@article{jennings1998roadmap,
  title={A roadmap of agent research and development},
  author={Jennings, Nicholas and Sycara, Katia and Wooldridge, Michael},
  journal={Autonomous agents and multi-agent systems},
  volume={1},
  number={1},
  pages={7--38},
  year={1998},
  publisher={Kluwer Academic Publishers}
}

@inproceedings{jiang2007ebdi,
  title={{EBDI}: an architecture for emotional agents},
  author={Jiang, Hong and Vidal, Jose and Huhns, Michael},
  booktitle={Proceedings of the 6th international joint conference on Autonomous agents and multiagent systems},
  pages = {38--40},
  year={2007},
  organization={ACM}
}

@article{maria2007emotional,
  title={Emotional agents: A modeling and an application},
  author={Maria, Khulood Abu and Zitar, Raed Abu},
  journal={Information and Software Technology},
  volume={49},
  number={7},
  pages={695--716},
  year={2007},
  publisher={Elsevier}
}

@book{ortony1990cognitive,
  title={The cognitive structure of emotions},
  author={Ortony, Andrew and Clore, Gerald L and Collins, Allan},
  year={1990},
  publisher={Cambridge University Press},
  address={Cambridge, USA}
}

@inproceedings{perozo2008proposal,
  title={Proposal for a multiagent architecture for self-organizing systems ({MA-SOS})},
  author={Perozo, Niriaska and Aguilar, Jose and Ter{\'a}n, Oswaldo},
  booktitle={International Conference on Intelligence and Security Informatics},
  pages={434--439},
  year={2008},
  organization={Springer}
}

@phdthesis{perozo2011modelado,
  title={Modelado multiagente para sistemas emergentes y auto-organizados},
  author={Perozo, Niriaska},
  year={2011},
  school={Universidad de los Andes},
  address={M{\'e}rida, Venezuela}
}

@article{perozo2012affective,
  title={An affective model for the multiagent architecture for self-organizing and emergent systems ({MASOES})},
  author={Perozo, Niriaska and Aguilar, Jos{\'e} and Ter{\'a}n, Oswaldo and Molina, Heidy},
  journal={Revista T{\'e}cnica de la Facultad de Ingenier{\'\i}a. Universidad del Zulia},
  volume={35},
  number={1},
  pages={1--11},
  year={2012}
}

@article{perozo2013self,
  title={Self-organization and Emergence phenomena in Wikipedia and Free Software Development using {MASOES}},
  author={Perozo, Niriaska and Aguilar, Jos{\'e} and Ter{\'a}n, Oswaldo and Molina, Heidy},
  journal={Publicaciones en Ciencias y Tecnolog{\'\i}a. Universidad Centroccidental Lisandro Alvarado},
  volume={7},
  number={1},
  pages={51--72},
  year={2013}
}

@book{picard1995affective,
  title={Affective computing},
  author={Picard, Rosalind},
  year={1995},
  publisher={{MIT} Press},
  address={Cambridge, USA}
}

@incollection{rincon2015social,
  title={Social Emotional Model},
  author={Rincon, J and Julian, Vicente and Carrascosa, Carlos},
  booktitle={Advances in Practical Applications of Agents, Multi-Agent Systems, and Sustainability: The PAAMS Collection},
  pages={199--210},
  year={2015},
  publisher={Springer}
}

@article{rodriguez2015computational,
  title={Computational models of emotions for autonomous agents: major challenges},
  author={Rodr{\'\i}guez, Luis and Ramos, F{\'e}lix},
  journal={Artificial Intelligence Review},
  volume={43},
  number={3},
  pages={437--465},
  year={2015},
  publisher={Springer}
}

@book{rusell2004inteligencia,
  title={Inteligencia Artificial Un Enfoque Moderno},
  author={Rusell, Stuart and Norvig, Peter},
  year={2004},
  publisher={Pearson Educación},
  address={Madrid, España}
}

@book{schweitzer2007brownian,
  title={Brownian agents and active particles: collective dynamics in the natural and social sciences},
  author={Schweitzer, Frank and Farmer, J},
  year={2007},
  publisher={Springer Science \& Business Media},
  address={Berlin, Alemania}
}

@article{weiser1993ubiquitous,
  title={Ubiquitous computing},
  author={Weiser, Mark},
  journal={Computer},
  volume={26},
  number={10},
  pages={71--72},
  year={1993}
}

@book{weiss1999multiagent,
  title={Multiagent systems: a modern approach to distributed artificial intelligence},
  author={Weiss, Gerhard},
  year={1999},
  publisher={{MIT} Press},
  address={Cambridge, USA}
}

@article{yu2015emotional,
  title={Emotional Multiagent Reinforcement Learning in Spatial Social Dilemmas},
  author={Yu, Chao and Zhang, Minjie and Ren, Fenghui and Tan, Guozhen},
  journal={IEEE transactions on neural networks and learning systems},
  volume={26},
  number={12},
  pages={3083--3096},
  year={2015},
  publisher={IEEE}
}

% Otros ejemplos

@article{article,
  author  = {Primero, Autor and Segundo, Autor},
  title   = {The title of the work},
  journal = {The name of the journal},
  year    = 1993,
  number  = 2,
  pages   = {201-213},
  month   = 7,
  volume  = 4
}

@article{article2,
  author  = {Primero, Autor and Segundo, Autor and Tercero, Autor},
  title   = {The title of the work},
  journal = {The name of the journal},
  year    = 1993,
  number  = 2,
  pages   = {201-213},
  month   = 7,
  volume  = 4
}

@book{book,
  author    = {Peter Babington},
  title     = {The title of the work},
  publisher = {The name of the publisher},
  year      = 1993,
  volume    = 4,
  series    = 10,
  address   = {The address},
  edition   = 3,
  month     = 7,
  isbn      = {3257227892}
}

@inbook{inbook,
  author       = {Peter Eston},
  title        = {The title of the work},
  chapter      = 8,
  pages        = {201-213},
  publisher    = {The name of the publisher},
  year         = 1993,
  volume       = 4,
  series       = 5,
  address      = {The address of the publisher},
  edition      = 3,
  month        = 7
}

@phdthesis{phdthesis,
  author       = {Peter Joslin},
  title        = {The title of the work},
  school       = {The school where the thesis was written},
  year         = 1993,
  address      = {The address of the publisher},
  month        = 7
}

@mastersthesis{mastersthesis,
  author       = {Peter Harwood},
  title        = {The title of the work},
  school       = {The school where the thesis was written},
  year         = 1993,
  address      = {The address of the publisher},
  month        = 7
}

@proceedings{proceedings,
  title        = {The title of the work},
  year         = 1993,
  editor       = {Peter Kidwelly},
  volume       = 4,
  series       = 5,
  address      = {The address of the publisher},
  month        = 7,
  organization = {The organization},
  publisher    = {The name of the publisher}
}

@inproceedings{inproceedings,
  title={I contain multitudes: creativity and emergent narrative},
  author={Aylett, Ruth and Louchart, Sandy},
  booktitle={Proceedings of the 9th ACM Conference on Creativity \& Cognition},
  pages={337--340},
  year={2013},
  organization={ACM}
}

@conference{conference,
  author       = {Peter Draper},
  title        = {The title of the work},
  booktitle    = {The title of the book},
  year         = 1993,
  editor       = {The editor},
  volume       = 4,
  series       = 5,
  pages        = 213,
  address      = {The address of the publisher},
  month        = 7,
  organization = {The organization},
  publisher    = {The publisher}
}

@misc{misc,
  author       = {{Border, A. (Director)}},
  title        = {A. Life with willow (video)},
  howpublished = {Richie Video. New South Wales. Australia.},
  year         = 1994
}

@booklet{booklet,
  title        = {The title of the work},
  author       = {Peter Caxton},
  howpublished = {How it was published},
  address      = {The address of the publisher},
  month        = 7,
  year         = 1993,
  note         = {{p. 34}}
}

@techreport{techreport,
  author       = {Peter Lambert},
  title        = {The title of the work},
  institution  = {The institution that published},
  year         = 1993,
  number       = 2,
  address      = {The address of the publisher},
  month        = 7,
  note         = {An optional note}
}
