%%
% Copyright (c) 2017 Saúl Piña <sauljabin@gmail.com>.
%
% This program is free software: you can redistribute it and/or modify
% it under the terms of the GNU General Public License as published by
% the Free Software Foundation, either version 3 of the License, or
% (at your option) any later version.
%
% This program is distributed in the hope that it will be useful,
% but WITHOUT ANY WARRANTY; without even the implied warranty of
% MERCHANTABILITY or FITNESS FOR A PARTICULAR PURPOSE.  See the
% GNU General Public License for more details.
%
% You should have received a copy of the GNU General Public License
% along with this program.  If not, see <http://www.gnu.org/licenses/>.
%%

@article{ashton2009,
  title={That ``internet of things'' thing},
  author={Ashton, Kevin},
  journal={RFiD Journal},
  volume={22},
  number={7},
  pages={97--114},
  year={2009}
}

@incollection{balaji2010,
  title={An introduction to multi-agent systems},
  author={Balaji, PG and Srinivasan, D},
  booktitle={Innovations in multi-agent systems and applications},
  pages={1--27},
  year={2010},
  publisher={Springer}
}

@book{bond1989,
  title={Readings in distributed artificial intelligence},
  author={Bond, Alan and Gasser, Les},
  year={1989},
  publisher={Morgan Kaufmann},
  address = {California, USA}
}

@article{causa2008,
  title={La computaci{\'o}n afectiva y el arte interactivo},
  author={Causa, Emiliano and Sosa, Andrea},
  journal={Revista de Investigación Multimedia},
  year={2008},
  pages={52--60},
  volume={2},
  number={2},
  publisher={Instituto Universitario Nacional del Arte}
}

@mastersthesis{cuevas2015,
  title={Emociones: calculemos. Las promesas de la computaci{\'o}n afectiva},
  author={Cuevas, Jaime},
  year={2015},
  school={Universidad Nacional de Educaci{\'o}n a Distancia, Facultad de Filosof{\'\i}a},
  address={Madrid, España}
}

@incollection{dias2014,
  title={Fatima modular: Towards an agent architecture with a generic appraisal framework},
  author={Dias, Joao and Mascarenhas, Samuel and Paiva, Ana},
  booktitle={Emotion Modeling},
  pages={44--56},
  year={2014},
  publisher={Springer}
}

@inproceedings{gil2015,
  title={Architecture for Multi-robot Systems with Emergent Behavior},
  author={Gil, Angel and Aguilar, Jose and Rivas, Rafael and Dapena, Eladio and Hernandez, Kevin},
  booktitle={Proceedings on the International Conference on Artificial Intelligence (ICAI)},
  pages={41-47},
  year={2015},
  publisher={The Steering Committee of The World Congress in Computer Science, Computer Engineering and Applied Computing (WorldComp)}
}

@article{jennings1998,
  title={A roadmap of agent research and development},
  author={Jennings, Nicholas and Sycara, Katia and Wooldridge, Michael},
  journal={Autonomous agents and multi-agent systems},
  volume={1},
  number={1},
  pages={7--38},
  year={1998},
  publisher={Kluwer Academic Publishers}
}

@inproceedings{jiang2007,
  title={{EBDI}: an architecture for emotional agents},
  author={Jiang, Hong and Vidal, Jose and Huhns, Michael},
  booktitle={Proceedings of the 6th international joint conference on Autonomous agents and multiagent systems},
  pages = {38--40},
  year={2007},
  publisher={ACM}
}

@article{maria2007,
  title={Emotional agents: A modeling and an application},
  author={Maria, Khulood Abu and Zitar, Raed Abu},
  journal={Information and Software Technology},
  volume={49},
  number={7},
  pages={695--716},
  year={2007},
  publisher={Elsevier}
}

@book{ortony1990,
  title={The cognitive structure of emotions},
  author={Ortony, Andrew and Clore, Gerald L and Collins, Allan},
  year={1990},
  publisher={Cambridge University Press},
  address={Cambridge, USA}
}

@phdthesis{perozo2011,
  title={Modelado multiagente para sistemas emergentes y auto-organizados},
  author={Perozo, Niriaska},
  year={2011},
  school={Universidad de los Andes},
  address={M{\'e}rida, Venezuela}
}

@article{perozo2012,
  title={An affective model for the multiagent architecture for self-organizing and emergent systems ({MASOES})},
  author={Perozo, Niriaska and Aguilar, Jos{\'e} and Ter{\'a}n, Oswaldo and Molina, Heidy},
  journal={Revista T{\'e}cnica de la Facultad de Ingenier{\'\i}a. Universidad del Zulia},
  volume={35},
  number={1},
  pages={1--11},
  year={2012}
}

@article{perozo2013,
  title={Self-organization and Emergence phenomena in Wikipedia and Free Software Development using {MASOES}},
  author={Perozo, Niriaska and Aguilar, Jos{\'e} and Ter{\'a}n, Oswaldo and Molina, Heidy},
  journal={Publicaciones en Ciencias y Tecnolog{\'\i}a. Universidad Centroccidental Lisandro Alvarado},
  volume={7},
  number={1},
  pages={51--72},
  year={2013}
}

@book{picard1995,
  title={Affective computing},
  author={Picard, Rosalind},
  year={1995},
  publisher={{MIT} Press},
  address={Cambridge, USA}
}

@incollection{rincon2015,
  title={Social Emotional Model},
  author={Rincon, J and Julian, Vicente and Carrascosa, Carlos},
  booktitle={Advances in Practical Applications of Agents, Multi-Agent Systems, and Sustainability: The PAAMS Collection},
  pages={199--210},
  year={2015},
  publisher={Springer}
}

@article{rodriguez2015,
  title={Computational models of emotions for autonomous agents: major challenges},
  author={Rodr{\'\i}guez, Luis and Ramos, F{\'e}lix},
  journal={Artificial Intelligence Review},
  volume={43},
  number={3},
  pages={437--465},
  year={2015},
  publisher={Springer}
}

@book{russell2004,
  title={Inteligencia Artificial Un Enfoque Moderno},
  author={Russell, Stuart and Norvig, Peter},
  year={2004},
  publisher={Pearson Educación},
  address={Madrid, España}
}

@book{schweitzer2007,
  title={Brownian agents and active particles: collective dynamics in the natural and social sciences},
  author={Schweitzer, Frank and Farmer, J},
  year={2007},
  publisher={Springer Science \& Business Media},
  address={Berlin, Alemania}
}

@article{weiser1993,
  title={Ubiquitous computing},
  author={Weiser, Mark},
  journal={Computer},
  volume={26},
  number={10},
  pages={71--72},
  year={1993}
}

@book{weiss1999,
  title={Multiagent systems: a modern approach to distributed artificial intelligence},
  author={Weiss, Gerhard},
  year={1999},
  publisher={{MIT} Press},
  address={Cambridge, USA}
}

@article{yu2015,
  title={Emotional Multiagent Reinforcement Learning in Spatial Social Dilemmas},
  author={Yu, Chao and Zhang, Minjie and Ren, Fenghui and Tan, Guozhen},
  journal={IEEE transactions on neural networks and learning systems},
  volume={26},
  number={12},
  pages={3083--3096},
  year={2015},
  publisher={IEEE}
}

@article{de2011reputation,
  title={Reputation systems for open collaboration},
  author={De Alfaro, Luca and Kulshreshtha, Ashutosh and Pye, Ian and Adler, B Thomas},
  journal={Communications of the ACM},
  volume={54},
  number={8},
  pages={81--87},
  year={2011},
  publisher={ACM}
}

@inproceedings{javanmardi2009user,
  title={User contribution and trust in wikipedia},
  author={Javanmardi, Sara and Ganjisaffar, Yasser and Lopes, Cristina and Baldi, Pierre},
  booktitle={5th International Conference on Collaborative Computing: Networking, Applications and Worksharing},
  pages={1--6},
  year={2009},
  organization={IEEE}
}

@article{anthony2009reputation,
  title={Reputation and reliability in collective goods the case of the online encyclopedia wikipedia},
  author={Anthony, Denise and Smith, Sean W and Williamson, Timothy},
  journal={Rationality and Society},
  volume={21},
  number={3},
  pages={283--306},
  year={2009},
  publisher={Sage Publications}
}

@inproceedings{ahmadpour2014occ,
  title={OCC model: application and comparison to the dimensional model of emotion},
  author={Ahmadpour, Naseem},
  booktitle={KEER2014. Proceedings of the 5th Kanesi Engineering and Emotion Research; International Conference; Link{\"o}ping; Sweden; June 11-13},
  pages={607--617},
  year={2014},
  organization={Link{\"o}ping University Electronic Press}
}

@article{fipaProtocol,
  title={Fipa request interaction protocol specification, SC00026H},
  author={FIPA},
  journal={Foundation for Intelligent Physical Agents},
  year={2000},
  note = {Disponible en: \url{http://bit.ly/FIPARequestProtocol}. (Consulta: Mayo, 2017)}
}

@article{fipaLanguage,
  title={FIPA SL Content Language Specification, SC00008I},
  author={FIPA},
  journal={Foundation for Intelligent Physical Agents},
  year={2002},
  note = {Disponible en: \url{http://bit.ly/FIPASemanticLanguage}. (Consulta: Mayo, 2017)}
}

@article{fipaOntology,
  title={FIPA Ontology Service Specification, XC00086D},
  author={FIPA},
  journal={Foundation for Intelligent Physical Agents},
  year={2001},
  note = {Disponible en: \url{http://bit.ly/FIPAOntology}. (Consulta: Mayo, 2017)}
}

@article{fipaACL,
  title={FIPA ACL Message Structure Specification, SC00061G},
  author={FIPA},
  journal={Foundation for Intelligent Physical Agents},
  year={2002},
  note = {Disponible en: \url{http://bit.ly/FIPA-ACL}. (Consulta: Mayo, 2017)}
}

@article{fipaCommnicativeAct,
  title={FIPA Communicative Act Specification, SC00037J},
  author={FIPA},
  journal={Foundation for Intelligent Physical Agents},
  year={2002},
  note = {Disponible en: \url{http://bit.ly/FIPACommunicativeAct}. (Consulta: Mayo, 2017)}
}

@article{fipaAgentManagement,
  title={FIPA Agent Management Specification, SC00023K},
  author={FIPA},
  journal={Foundation for Intelligent Physical Agents},
  year={2002},
  note = {Disponible en: \url{http://bit.ly/FIPAAgentManagement}. (Consulta: Mayo, 2017)}
}

@book{bellifemine2007developing,
  title={Developing multi-agent systems with JADE},
  author={Bellifemine, Fabio Luigi and Caire, Giovanni and Greenwood, Dominic},
  year={2007},
  publisher={John Wiley \& Sons}
}

@article{shoham1993agent,
  title={Agent-oriented programming},
  author={Shoham, Yoav},
  journal={Artificial intelligence},
  volume={60},
  number={1},
  pages={51--92},
  year={1993},
  publisher={Elsevier}
}

@article{searle1989performatives,
  title={How performatives work},
  author={Searle, John R},
  journal={Linguistics and philosophy},
  volume={12},
  number={5},
  pages={535--558},
  year={1989},
  publisher={Springer}
}

@incollection{dastani2014programming,
  title={Programming Agents with Emotions},
  author={Dastani, Mehdi and Floor, Christiaan and Meyer, John-Jules Ch},
  booktitle={Emotion Modeling},
  pages={57--75},
  year={2014},
  publisher={Springer}
}
